State,Product,Units Sold,Revenue per cookie,Cost per cookie,Revenue,Cost,Profit,Date,Month Number,Month Name,Year
Maharashtra,Chocolate Chip,2565,5,2,12825,5130,7695,2019-01,1,January,2019
Kerala,Chocolate Chip,3495,5,2,17475,6990,10485,2019-01,1,January,2019
Tamil Nadu,Chocolate Chip,873,5,2,4365,1746,2619,2019-01,1,January,2019
Tamil Nadu,Chocolate Chip,4251,5,2,21255,8502,12753,2019-01,1,January,2019
Kerala,Chocolate Chip,1438.5,5,2,7192.5,2877,4315.5,2019-01,1,January,2019
Gujarat,Chocolate Chip,1372,5,2,6860,2744,4116,2019-01,1,January,2019
Maharashtra,Chocolate Chip,2417,5,2,12085,4834,7251,2019-01,1,January,2019
Karnataka,Chocolate Chip,3945,5,2,19725,7890,11835,2019-01,1,January,2019
Karnataka,Chocolate Chip,2434.5,5,2,12172.5,4869,7303.5,2019-01,1,January,2019
Gujarat,Chocolate Chip,807,5,2,4035,1614,2421,2019-01,1,January,2019
Karnataka,Chocolate Chip,2296,5,2,11480,4592,6888,2019-02,2,February,2019
Tamil Nadu,Chocolate Chip,2363,5,2,11815,4726,7089,2019-02,2,February,2019
Gujarat,Chocolate Chip,2708,5,2,13540,5416,8124,2019-02,2,February,2019
Gujarat,Chocolate Chip,278,5,2,1390,556,834,2019-02,2,February,2019
Maharashtra,Chocolate Chip,974,5,2,4870,1948,2922,2019-02,2,February,2019
Karnataka,Chocolate Chip,1303,5,2,6515,2606,3909,2019-02,2,February,2019
Tamil Nadu,Chocolate Chip,292,5,2,1460,584,876,2019-02,2,February,2019
Kerala,Chocolate Chip,2641,5,2,13205,5282,7923,2019-02,2,February,2019
Maharashtra,Chocolate Chip,260,5,2,1300,520,780,2019-02,2,February,2019
Kerala,Chocolate Chip,1514,5,2,7570,3028,4542,2019-02,2,February,2019
Kerala,Chocolate Chip,973,5,2,4865,1946,2919,2019-03,3,March,2019
Karnataka,Chocolate Chip,2385,5,2,11925,4770,7155,2019-03,3,March,2019
Kerala,Chocolate Chip,2992,5,2,14960,5984,8976,2019-03,3,March,2019
Maharashtra,Chocolate Chip,1114,5,2,5570,2228,3342,2019-03,3,March,2019
Tamil Nadu,Chocolate Chip,2428,5,2,12140,4856,7284,2019-03,3,March,2019
Tamil Nadu,Chocolate Chip,1774,5,2,8870,3548,5322,2019-03,3,March,2019
Gujarat,Chocolate Chip,795,5,2,3975,1590,2385,2019-03,3,March,2019
Maharashtra,Chocolate Chip,1122,5,2,5610,2244,3366,2019-03,3,March,2019
Gujarat,Chocolate Chip,1158,5,2,5790,2316,3474,2019-03,3,March,2019
Karnataka,Chocolate Chip,1954,5,2,9770,3908,5862,2019-03,3,March,2019
Karnataka,Chocolate Chip,3801,5,2,19005,7602,11403,2019-04,4,April,2019
Kerala,Chocolate Chip,3675,5,2,18375,7350,11025,2019-04,4,April,2019
Gujarat,Chocolate Chip,1259,5,2,6295,2518,3777,2019-04,4,April,2019
Gujarat,Chocolate Chip,1414.5,5,2,7072.5,2829,4243.5,2019-04,4,April,2019
Karnataka,Chocolate Chip,2532,5,2,12660,5064,7596,2019-04,4,April,2019
Kerala,Chocolate Chip,4492.5,5,2,22462.5,8985,13477.5,2019-04,4,April,2019
Maharashtra,Chocolate Chip,1607,5,2,8035,3214,4821,2019-04,4,April,2019
Maharashtra,Chocolate Chip,2535,5,2,12675,5070,7605,2019-04,4,April,2019
Tamil Nadu,Chocolate Chip,1614,5,2,8070,3228,4842,2019-04,4,April,2019
Tamil Nadu,Chocolate Chip,723,5,2,3615,1446,2169,2019-04,4,April,2019
Kerala,Chocolate Chip,2327,5,2,11635,4654,6981,2019-05,5,May,2019
Karnataka,Chocolate Chip,918,5,2,4590,1836,2754,2019-05,5,May,2019
Maharashtra,Chocolate Chip,2851,5,2,14255,5702,8553,2019-05,5,May,2019
Gujarat,Chocolate Chip,1095,5,2,5475,2190,3285,2019-05,5,May,2019
Kerala,Chocolate Chip,2918,5,2,14590,5836,8754,2019-05,5,May,2019
Tamil Nadu,Chocolate Chip,257,5,2,1285,514,771,2019-05,5,May,2019
Tamil Nadu,Chocolate Chip,1702,5,2,8510,3404,5106,2019-05,5,May,2019
Karnataka,Chocolate Chip,1030,5,2,5150,2060,3090,2019-05,5,May,2019
Gujarat,Chocolate Chip,1728,5,2,8640,3456,5184,2019-05,5,May,2019
Maharashtra,Chocolate Chip,591,5,2,2955,1182,1773,2019-05,5,May,2019
Maharashtra,Chocolate Chip,886,5,2,4430,1772,2658,2019-06,6,June,2019
Maharashtra,Chocolate Chip,1038,5,2,5190,2076,3114,2019-06,6,June,2019
Tamil Nadu,Chocolate Chip,2518,5,2,12590,5036,7554,2019-06,6,June,2019
Maharashtra,Chocolate Chip,2460,5,2,12300,4920,7380,2019-06,6,June,2019
Kerala,Chocolate Chip,1142,5,2,5710,2284,3426,2019-06,6,June,2019
Kerala,Chocolate Chip,727,5,2,3635,1454,2181,2019-06,6,June,2019
Karnataka,Chocolate Chip,787,5,2,3935,1574,2361,2019-06,6,June,2019
Maharashtra,Chocolate Chip,662,5,2,3310,1324,1986,2019-06,6,June,2019
Gujarat,Chocolate Chip,1366,5,2,6830,2732,4098,2019-06,6,June,2019
Karnataka,Chocolate Chip,448,5,2,2240,896,1344,2019-06,6,June,2019
Karnataka,Chocolate Chip,1496,5,2,7480,2992,4488,2019-06,6,June,2019
Karnataka,Chocolate Chip,1901,5,2,9505,3802,5703,2019-06,6,June,2019
Tamil Nadu,Chocolate Chip,2632,5,2,13160,5264,7896,2019-06,6,June,2019
Gujarat,Chocolate Chip,1570,5,2,7850,3140,4710,2019-06,6,June,2019
Gujarat,Chocolate Chip,689,5,2,3445,1378,2067,2019-06,6,June,2019
Kerala,Chocolate Chip,991,5,2,4955,1982,2973,2019-06,6,June,2019
Kerala,Chocolate Chip,602,5,2,3010,1204,1806,2019-06,6,June,2019
Tamil Nadu,Chocolate Chip,1583,5,2,7915,3166,4749,2019-06,6,June,2019
Gujarat,Chocolate Chip,1006,5,2,5030,2012,3018,2019-06,6,June,2019
Tamil Nadu,Chocolate Chip,1094,5,2,5470,2188,3282,2019-06,6,June,2019
Maharashtra,Chocolate Chip,571,5,2,2855,1142,1713,2019-07,7,July,2019
Maharashtra,Chocolate Chip,1823,5,2,9115,3646,5469,2019-07,7,July,2019
Gujarat,Chocolate Chip,367,5,2,1835,734,1101,2019-07,7,July,2019
Karnataka,Chocolate Chip,2425.5,5,2,12127.5,4851,7276.5,2019-07,7,July,2019
Tamil Nadu,Chocolate Chip,4026,5,2,20130,8052,12078,2019-07,7,July,2019
Tamil Nadu,Chocolate Chip,2104.5,5,2,10522.5,4209,6313.5,2019-07,7,July,2019
Gujarat,Chocolate Chip,3513,5,2,17565,7026,10539,2019-07,7,July,2019
Kerala,Chocolate Chip,1369.5,5,2,6847.5,2739,4108.5,2019-07,7,July,2019
Kerala,Chocolate Chip,3450,5,2,17250,6900,10350,2019-07,7,July,2019
Karnataka,Chocolate Chip,2988,5,2,14940,5976,8964,2019-07,7,July,2019
Karnataka,Chocolate Chip,2101,5,2,10505,4202,6303,2019-08,8,August,2019
Gujarat,Chocolate Chip,1743,5,2,8715,3486,5229,2019-08,8,August,2019
Karnataka,Chocolate Chip,2696,5,2,13480,5392,8088,2019-08,8,August,2019
Gujarat,Chocolate Chip,1598,5,2,7990,3196,4794,2019-08,8,August,2019
Kerala,Chocolate Chip,678,5,2,3390,1356,2034,2019-08,8,August,2019
Maharashtra,Chocolate Chip,883,5,2,4415,1766,2649,2019-08,8,August,2019
Tamil Nadu,Chocolate Chip,2559,5,2,12795,5118,7677,2019-08,8,August,2019
Maharashtra,Chocolate Chip,1984,5,2,9920,3968,5952,2019-08,8,August,2019
Tamil Nadu,Chocolate Chip,2394,5,2,11970,4788,7182,2019-08,8,August,2019
Kerala,Chocolate Chip,2198,5,2,10990,4396,6594,2019-08,8,August,2019
Gujarat,Chocolate Chip,1934,5,2,9670,3868,5802,2019-09,9,September,2019
Maharashtra,Chocolate Chip,2993,5,2,14965,5986,8979,2019-09,9,September,2019
Karnataka,Chocolate Chip,1535,5,2,7675,3070,4605,2019-09,9,September,2019
Karnataka,Chocolate Chip,2620,5,2,13100,5240,7860,2019-09,9,September,2019
Kerala,Chocolate Chip,1767,5,2,8835,3534,5301,2019-09,9,September,2019
Tamil Nadu,Chocolate Chip,218,5,2,1090,436,654,2019-09,9,September,2019
Kerala,Chocolate Chip,1056,5,2,5280,2112,3168,2019-09,9,September,2019
Gujarat,Chocolate Chip,747,5,2,3735,1494,2241,2019-09,9,September,2019
Tamil Nadu,Chocolate Chip,2074,5,2,10370,4148,6222,2019-09,9,September,2019
Maharashtra,Chocolate Chip,2472,5,2,12360,4944,7416,2019-09,9,September,2019
Kerala,Chocolate Chip,2931,5,2,14655,5862,8793,2018-09,9,September,2018
Karnataka,Chocolate Chip,1031,5,2,5155,2062,3093,2018-09,9,September,2018
Karnataka,Chocolate Chip,549,5,2,2745,1098,1647,2018-09,9,September,2018
Maharashtra,Chocolate Chip,788,5,2,3940,1576,2364,2018-09,9,September,2018
Tamil Nadu,Chocolate Chip,2470,5,2,12350,4940,7410,2018-09,9,September,2018
Tamil Nadu,Chocolate Chip,2349,5,2,11745,4698,7047,2018-09,9,September,2018
Gujarat,Chocolate Chip,2409,5,2,12045,4818,7227,2018-09,9,September,2018
Kerala,Chocolate Chip,380,5,2,1900,760,1140,2018-09,9,September,2018
Maharashtra,Chocolate Chip,1760,5,2,8800,3520,5280,2018-09,9,September,2018
Gujarat,Chocolate Chip,1123,5,2,5615,2246,3369,2018-09,9,September,2018
Maharashtra,Chocolate Chip,2145,5,2,10725,4290,6435,2018-10,10,October,2018
Gujarat,Chocolate Chip,766,5,2,3830,1532,2298,2018-10,10,October,2018
Karnataka,Chocolate Chip,1227,5,2,6135,2454,3681,2019-10,10,October,2019
Kerala,Chocolate Chip,861,5,2,4305,1722,2583,2019-10,10,October,2019
Gujarat,Chocolate Chip,809,5,2,4045,1618,2427,2018-10,10,October,2018
Tamil Nadu,Chocolate Chip,2009,5,2,10045,4018,6027,2019-10,10,October,2019
Maharashtra,Chocolate Chip,2156,5,2,10780,4312,6468,2019-10,10,October,2019
Maharashtra,Chocolate Chip,905,5,2,4525,1810,2715,2019-10,10,October,2019
Tamil Nadu,Chocolate Chip,1249,5,2,6245,2498,3747,2019-10,10,October,2019
Tamil Nadu,Chocolate Chip,1295,5,2,6475,2590,3885,2019-10,10,October,2019
Kerala,Chocolate Chip,2914,5,2,14570,5828,8742,2019-10,10,October,2019
Kerala,Chocolate Chip,1143,5,2,5715,2286,3429,2019-10,10,October,2019
Karnataka,Chocolate Chip,1393,5,2,6965,2786,4179,2019-10,10,October,2019
Karnataka,Chocolate Chip,1731,5,2,8655,3462,5193,2019-10,10,October,2019
Karnataka,Chocolate Chip,2441,5,2,12205,4882,7323,2019-10,10,October,2019
Gujarat,Chocolate Chip,241,5,2,1205,482,723,2019-10,10,October,2019
Gujarat,Chocolate Chip,1085,5,2,5425,2170,3255,2019-10,10,October,2019
Kerala,Chocolate Chip,1153,5,2,5765,2306,3459,2019-10,10,October,2019
Gujarat,Chocolate Chip,360,5,2,1800,720,1080,2019-10,10,October,2019
Gujarat,Chocolate Chip,1175,5,2,5875,2350,3525,2019-10,10,October,2019
Tamil Nadu,Chocolate Chip,1565,5,2,7825,3130,4695,2019-10,10,October,2019
Maharashtra,Chocolate Chip,2689,5,2,13445,5378,8067,2019-10,10,October,2019
Maharashtra,Chocolate Chip,2031,5,2,10155,4062,6093,2019-10,10,October,2019
Tamil Nadu,Chocolate Chip,1743,5,2,8715,3486,5229,2018-10,10,October,2018
Karnataka,Chocolate Chip,2167,5,2,10835,4334,6501,2018-10,10,October,2018
Maharashtra,Chocolate Chip,1514,5,2,7570,3028,4542,2018-10,10,October,2018
Kerala,Chocolate Chip,267,5,2,1335,534,801,2018-10,10,October,2018
Tamil Nadu,Chocolate Chip,2299,5,2,11495,4598,6897,2018-10,10,October,2018
Tamil Nadu,Chocolate Chip,1228,5,2,6140,2456,3684,2018-10,10,October,2018
Kerala,Chocolate Chip,671,5,2,3355,1342,2013,2018-10,10,October,2018
Maharashtra,Chocolate Chip,1715,5,2,8575,3430,5145,2018-10,10,October,2018
Karnataka,Chocolate Chip,1198,5,2,5990,2396,3594,2018-10,10,October,2018
Gujarat,Chocolate Chip,1945,5,2,9725,3890,5835,2018-10,10,October,2018
Gujarat,Chocolate Chip,2992,5,2,14960,5984,8976,2018-10,10,October,2018
Kerala,Chocolate Chip,386,5,2,1930,772,1158,2018-10,10,October,2018
Maharashtra,Chocolate Chip,367,5,2,1835,734,1101,2018-10,10,October,2018
Kerala,Chocolate Chip,727,5,2,3635,1454,2181,2018-10,10,October,2018
Tamil Nadu,Chocolate Chip,1389,5,2,6945,2778,4167,2018-10,10,October,2018
Karnataka,Chocolate Chip,704,5,2,3520,1408,2112,2018-10,10,October,2018
Karnataka,Chocolate Chip,1757,5,2,8785,3514,5271,2018-10,10,October,2018
Gujarat,Chocolate Chip,357,5,2,1785,714,1071,2019-11,11,November,2019
Gujarat,Chocolate Chip,1359,5,2,6795,2718,4077,2019-11,11,November,2019
Kerala,Chocolate Chip,1177,5,2,5885,2354,3531,2019-11,11,November,2019
Tamil Nadu,Chocolate Chip,1366,5,2,6830,2732,4098,2019-11,11,November,2019
Kerala,Chocolate Chip,2905,5,2,14525,5810,8715,2019-11,11,November,2019
Tamil Nadu,Chocolate Chip,700,5,2,3500,1400,2100,2019-11,11,November,2019
Maharashtra,Chocolate Chip,1197,5,2,5985,2394,3591,2019-11,11,November,2019
Maharashtra,Chocolate Chip,2150,5,2,10750,4300,6450,2019-11,11,November,2019
Karnataka,Chocolate Chip,1594,5,2,7970,3188,4782,2019-11,11,November,2019
Karnataka,Chocolate Chip,1324,5,2,6620,2648,3972,2019-11,11,November,2019
Maharashtra,Chocolate Chip,2763,5,2,13815,5526,8289,2018-11,11,November,2018
Karnataka,Chocolate Chip,1922,5,2,9610,3844,5766,2018-11,11,November,2018
Gujarat,Chocolate Chip,1775,5,2,8875,3550,5325,2018-11,11,November,2018
Tamil Nadu,Chocolate Chip,1725,5,2,8625,3450,5175,2018-11,11,November,2018
Maharashtra,Chocolate Chip,2151,5,2,10755,4302,6453,2018-11,11,November,2018
Kerala,Chocolate Chip,2007,5,2,10035,4014,6021,2018-11,11,November,2018
Tamil Nadu,Chocolate Chip,2222,5,2,11110,4444,6666,2018-11,11,November,2018
Kerala,Chocolate Chip,912,5,2,4560,1824,2736,2018-11,11,November,2018
Gujarat,Chocolate Chip,2146,5,2,10730,4292,6438,2018-11,11,November,2018
Tamil Nadu,Chocolate Chip,1404,5,2,7020,2808,4212,2018-11,11,November,2018
Karnataka,Chocolate Chip,1785,5,2,8925,3570,5355,2018-11,11,November,2018
Karnataka,Chocolate Chip,2155,5,2,10775,4310,6465,2019-12,12,December,2019
Kerala,Chocolate Chip,2663,5,2,13315,5326,7989,2019-12,12,December,2019
Karnataka,Chocolate Chip,293,5,2,1465,586,879,2019-12,12,December,2019
Tamil Nadu,Chocolate Chip,2431,5,2,12155,4862,7293,2019-12,12,December,2019
Maharashtra,Chocolate Chip,1138,5,2,5690,2276,3414,2019-12,12,December,2019
Kerala,Chocolate Chip,2797,5,2,13985,5594,8391,2019-12,12,December,2019
Gujarat,Chocolate Chip,1531,5,2,7655,3062,4593,2019-12,12,December,2019
Tamil Nadu,Chocolate Chip,1817,5,2,9085,3634,5451,2019-12,12,December,2019
Gujarat,Chocolate Chip,1513,5,2,7565,3026,4539,2019-12,12,December,2019
Gujarat,Chocolate Chip,1706,5,2,8530,3412,5118,2019-12,12,December,2019
Maharashtra,Chocolate Chip,1233,5,2,6165,2466,3699,2019-12,12,December,2019
Kerala,Chocolate Chip,914,5,2,4570,1828,2742,2019-12,12,December,2019
Gujarat,Chocolate Chip,2125,5,2,10625,4250,6375,2018-12,12,December,2018
Maharashtra,Chocolate Chip,1946,5,2,9730,3892,5838,2018-12,12,December,2018
Maharashtra,Chocolate Chip,380,5,2,1900,760,1140,2018-12,12,December,2018
Tamil Nadu,Chocolate Chip,2152,5,2,10760,4304,6456,2018-12,12,December,2018
Kerala,Chocolate Chip,1925,5,2,9625,3850,5775,2018-12,12,December,2018
Kerala,Chocolate Chip,2013,5,2,10065,4026,6039,2018-12,12,December,2018
Karnataka,Chocolate Chip,2261,5,2,11305,4522,6783,2018-12,12,December,2018
Kerala,Chocolate Chip,274,5,2,1370,548,822,2019-12,12,December,2019
Tamil Nadu,Chocolate Chip,1916,5,2,9580,3832,5748,2019-12,12,December,2019
Tamil Nadu,Chocolate Chip,2852,5,2,14260,5704,8556,2019-12,12,December,2019
Tamil Nadu,Chocolate Chip,2729,5,2,13645,5458,8187,2019-12,12,December,2019
Karnataka,Chocolate Chip,1055,5,2,5275,2110,3165,2019-12,12,December,2019
Maharashtra,Chocolate Chip,1084,5,2,5420,2168,3252,2019-12,12,December,2019
Maharashtra,Chocolate Chip,1362,5,2,6810,2724,4086,2019-12,12,December,2019
Gujarat,Chocolate Chip,1013,5,2,5065,2026,3039,2019-12,12,December,2019
Tamil Nadu,Chocolate Chip,1802,5,2,9010,3604,5406,2018-12,12,December,2018
Gujarat,Chocolate Chip,2116,5,2,10580,4232,6348,2018-12,12,December,2018
Karnataka,Chocolate Chip,2136,5,2,10680,4272,6408,2018-12,12,December,2018
Karnataka,Chocolate Chip,1287,5,2,6435,2574,3861,2019-12,12,December,2019
Kerala,Oatmeal Raisin,579,5,2,2895,1274,1621.2,2019-01,1,January,2019
Maharashtra,Oatmeal Raisin,2629,5,2,13145,5784,7361.2,2019-01,1,January,2019
Gujarat,Oatmeal Raisin,3165,5,2,15825,6963,8862,2019-01,1,January,2019
Tamil Nadu,Oatmeal Raisin,1659,5,2,8295,3650,4645.2,2019-01,1,January,2019
Karnataka,Oatmeal Raisin,1987.5,5,2,9937.5,4372,5565,2019-01,1,January,2019
Karnataka,Oatmeal Raisin,2750,5,2,13750,6050,7700,2019-02,2,February,2019
Maharashtra,Oatmeal Raisin,1865,5,2,9325,4103,5222,2019-02,2,February,2019
Gujarat,Oatmeal Raisin,1350,5,2,6750,2970,3780,2019-02,2,February,2019
Kerala,Oatmeal Raisin,270,5,2,1350,594,756,2019-02,2,February,2019
Tamil Nadu,Oatmeal Raisin,2240,5,2,11200,4928,6272,2019-02,2,February,2019
Karnataka,Oatmeal Raisin,2475,5,2,12375,5445,6930,2019-03,3,March,2019
Tamil Nadu,Oatmeal Raisin,888,5,2,4440,1954,2486.4,2019-03,3,March,2019
Gujarat,Oatmeal Raisin,259,5,2,1295,570,725.2,2019-03,3,March,2019
Kerala,Oatmeal Raisin,2993,5,2,14965,6585,8380.4,2019-03,3,March,2019
Maharashtra,Oatmeal Raisin,1101,5,2,5505,2422,3082.8,2019-03,3,March,2019
Maharashtra,Oatmeal Raisin,1074,5,2,5370,2363,3007.2,2019-04,4,April,2019
Kerala,Oatmeal Raisin,1953,5,2,9765,4297,5468.4,2019-04,4,April,2019
Gujarat,Oatmeal Raisin,4219.5,5,2,21097.5,9283,11814.6,2019-04,4,April,2019
Tamil Nadu,Oatmeal Raisin,3520.5,5,2,17602.5,7745,9857.4,2019-04,4,April,2019
Maharashtra,Oatmeal Raisin,2039,5,2,10195,4486,5709.2,2019-05,5,May,2019
Kerala,Oatmeal Raisin,2844,5,2,14220,6257,7963.2,2019-05,5,May,2019
Tamil Nadu,Oatmeal Raisin,1645,5,2,8225,3619,4606,2019-05,5,May,2019
Gujarat,Oatmeal Raisin,2276,5,2,11380,5007,6372.8,2019-05,5,May,2019
Karnataka,Oatmeal Raisin,1433,5,2,7165,3153,4012.4,2019-05,5,May,2019
Tamil Nadu,Oatmeal Raisin,1135,5,2,5675,2497,3178,2019-06,6,June,2019
Maharashtra,Oatmeal Raisin,2460,5,2,12300,5412,6888,2019-06,6,June,2019
Gujarat,Oatmeal Raisin,1366,5,2,6830,3005,3824.8,2019-06,6,June,2019
Tamil Nadu,Oatmeal Raisin,708,5,2,3540,1558,1982.4,2019-06,6,June,2019
Kerala,Oatmeal Raisin,1282,5,2,6410,2820,3589.6,2019-06,6,June,2019
Kerala,Oatmeal Raisin,2907,5,2,14535,6395,8139.6,2019-06,6,June,2019
Karnataka,Oatmeal Raisin,1899,5,2,9495,4178,5317.2,2019-06,6,June,2019
Maharashtra,Oatmeal Raisin,1038,5,2,5190,2284,2906.4,2019-06,6,June,2019
Karnataka,Oatmeal Raisin,1190,5,2,5950,2618,3332,2019-06,6,June,2019
Karnataka,Oatmeal Raisin,3421.5,5,2,17107.5,7527,9580.2,2019-07,7,July,2019
Kerala,Oatmeal Raisin,3199.5,5,2,15997.5,7039,8958.6,2019-07,7,July,2019
Gujarat,Oatmeal Raisin,1686,5,2,8430,3709,4720.8,2019-07,7,July,2019
Tamil Nadu,Oatmeal Raisin,1630.5,5,2,8152.5,3587,4565.4,2019-07,7,July,2019
Maharashtra,Oatmeal Raisin,1683,5,2,8415,3703,4712.4,2019-07,7,July,2019
Kerala,Oatmeal Raisin,2141,5,2,10705,4710,5994.8,2019-08,8,August,2019
Karnataka,Oatmeal Raisin,2475,5,2,12375,5445,6930,2019-08,8,August,2019
Gujarat,Oatmeal Raisin,2574,5,2,12870,5663,7207.2,2019-08,8,August,2019
Maharashtra,Oatmeal Raisin,1123,5,2,5615,2471,3144.4,2019-08,8,August,2019
Tamil Nadu,Oatmeal Raisin,552,5,2,2760,1214,1545.6,2019-08,8,August,2019
Gujarat,Oatmeal Raisin,1907,5,2,9535,4195,5339.6,2019-09,9,September,2019
Karnataka,Oatmeal Raisin,2876,5,2,14380,6327,8052.8,2019-09,9,September,2019
Maharashtra,Oatmeal Raisin,1679,5,2,8395,3694,4701.2,2019-09,9,September,2019
Tamil Nadu,Oatmeal Raisin,707,5,2,3535,1555,1979.6,2019-09,9,September,2019
Kerala,Oatmeal Raisin,2071,5,2,10355,4556,5798.8,2019-09,9,September,2019
Maharashtra,Oatmeal Raisin,947,5,2,4735,2083,2651.6,2018-09,9,September,2018
Gujarat,Oatmeal Raisin,994,5,2,4970,2187,2783.2,2018-09,9,September,2018
Tamil Nadu,Oatmeal Raisin,2761,5,2,13805,6074,7730.8,2018-09,9,September,2018
Kerala,Oatmeal Raisin,1989,5,2,9945,4376,5569.2,2018-09,9,September,2018
Karnataka,Oatmeal Raisin,1393,5,2,6965,3065,3900.4,2019-10,10,October,2019
Gujarat,Oatmeal Raisin,2966,5,2,14830,6525,8304.8,2018-10,10,October,2018
Tamil Nadu,Oatmeal Raisin,1228,5,2,6140,2702,3438.4,2018-10,10,October,2018
Tamil Nadu,Oatmeal Raisin,1269,5,2,6345,2792,3553.2,2019-10,10,October,2019
Kerala,Oatmeal Raisin,2914,5,2,14570,6411,8159.2,2019-10,10,October,2019
Tamil Nadu,Oatmeal Raisin,2734,5,2,13670,6015,7655.2,2019-10,10,October,2019
Maharashtra,Oatmeal Raisin,410,5,2,2050,902,1148,2019-10,10,October,2019
Maharashtra,Oatmeal Raisin,546,5,2,2730,1201,1528.8,2019-10,10,October,2019
Kerala,Oatmeal Raisin,1143,5,2,5715,2515,3200.4,2019-10,10,October,2019
Karnataka,Oatmeal Raisin,1731,5,2,8655,3808,4846.8,2019-10,10,October,2019
Gujarat,Oatmeal Raisin,472,5,2,2360,1038,1321.6,2019-10,10,October,2019
Maharashtra,Oatmeal Raisin,1727,5,2,8635,3799,4835.6,2018-10,10,October,2018
Tamil Nadu,Oatmeal Raisin,1743,5,2,8715,3835,4880.4,2018-10,10,October,2018
Maharashtra,Oatmeal Raisin,344,5,2,1720,757,963.2,2018-10,10,October,2018
Kerala,Oatmeal Raisin,671,5,2,3355,1476,1878.8,2018-10,10,October,2018
Gujarat,Oatmeal Raisin,1159,5,2,5795,2550,3245.2,2018-10,10,October,2018
Kerala,Oatmeal Raisin,727,5,2,3635,1599,2035.6,2018-10,10,October,2018
Karnataka,Oatmeal Raisin,2076,5,2,10380,4567,5812.8,2018-10,10,October,2018
Karnataka,Oatmeal Raisin,1403,5,2,7015,3087,3928.4,2018-10,10,October,2018
Maharashtra,Oatmeal Raisin,1694,5,2,8470,3727,4743.2,2019-11,11,November,2019
Karnataka,Oatmeal Raisin,941,5,2,4705,2070,2634.8,2019-11,11,November,2019
Gujarat,Oatmeal Raisin,1520,5,2,7600,3344,4256,2019-11,11,November,2019
Kerala,Oatmeal Raisin,1236,5,2,6180,2719,3460.8,2019-11,11,November,2019
Tamil Nadu,Oatmeal Raisin,1118,5,2,5590,2460,3130.4,2019-11,11,November,2019
Maharashtra,Oatmeal Raisin,1870,5,2,9350,4114,5236,2018-11,11,November,2018
Gujarat,Oatmeal Raisin,970,5,2,4850,2134,2716,2018-11,11,November,2018
Karnataka,Oatmeal Raisin,321,5,2,1605,706,898.8,2018-11,11,November,2018
Kerala,Oatmeal Raisin,2548,5,2,12740,5606,7134.4,2018-11,11,November,2018
Tamil Nadu,Oatmeal Raisin,1916,5,2,9580,4215,5364.8,2019-12,12,December,2019
Karnataka,Oatmeal Raisin,853,5,2,4265,1877,2388.4,2019-12,12,December,2019
Maharashtra,Oatmeal Raisin,2157,5,2,10785,4745,6039.6,2019-12,12,December,2019
Gujarat,Oatmeal Raisin,1250,5,2,6250,2750,3500,2019-12,12,December,2019
Kerala,Oatmeal Raisin,1372,5,2,6860,3018,3841.6,2019-12,12,December,2019
Gujarat,Oatmeal Raisin,711,5,2,3555,1564,1990.8,2019-12,12,December,2019
Maharashtra,Oatmeal Raisin,635,5,2,3175,1397,1778,2019-12,12,December,2019
Kerala,Oatmeal Raisin,615,5,2,3075,1353,1722,2019-12,12,December,2019
Kerala,Oatmeal Raisin,2015,5,2,10075,4433,5642,2018-12,12,December,2018
Gujarat,Oatmeal Raisin,1770,5,2,8850,3894,4956,2018-12,12,December,2018
Tamil Nadu,Oatmeal Raisin,1778,5,2,8890,3912,4978.4,2018-12,12,December,2018
Maharashtra,Oatmeal Raisin,1375,5,2,6875,3025,3850,2018-12,12,December,2018
Karnataka,Oatmeal Raisin,306,5,2,1530,673,856.8,2018-12,12,December,2018
Karnataka,Oatmeal Raisin,2072,5,2,10360,4558,5801.6,2019-12,12,December,2019
Tamil Nadu,Snickerdoodle,1618.5,4,2,6474,2428,4046.25,2019-01,1,January,2019
Karnataka,Snickerdoodle,2521.5,4,2,10086,3782,6303.75,2019-01,1,January,2019
Kerala,Snickerdoodle,1117.5,4,2,4470,1676,2793.75,2019-01,1,January,2019
Gujarat,Snickerdoodle,1321,4,2,5284,1982,3302.5,2019-01,1,January,2019
Tamil Nadu,Snickerdoodle,1937,4,2,7748,2906,4842.5,2019-02,2,February,2019
Karnataka,Snickerdoodle,1865,4,2,7460,2798,4662.5,2019-02,2,February,2019
Kerala,Snickerdoodle,1858,4,2,7432,2787,4645,2019-02,2,February,2019
Maharashtra,Snickerdoodle,727,4,2,2908,1090,1817.5,2019-02,2,February,2019
Gujarat,Snickerdoodle,1116,4,2,4464,1674,2790,2019-02,2,February,2019
Maharashtra,Snickerdoodle,1210,4,2,4840,1815,3025,2019-03,3,March,2019
Gujarat,Snickerdoodle,792,4,2,3168,1188,1980,2019-03,3,March,2019
Kerala,Snickerdoodle,1761,4,2,7044,2642,4402.5,2019-03,3,March,2019
Karnataka,Snickerdoodle,1790,4,2,7160,2685,4475,2019-03,3,March,2019
Tamil Nadu,Snickerdoodle,923,4,2,3692,1384,2307.5,2019-03,3,March,2019
Gujarat,Snickerdoodle,2580,4,2,10320,3870,6450,2019-04,4,April,2019
Kerala,Snickerdoodle,3445.5,4,2,13782,5168,8613.75,2019-04,4,April,2019
Maharashtra,Snickerdoodle,2579,4,2,10316,3868,6447.5,2019-04,4,April,2019
Tamil Nadu,Snickerdoodle,742.5,4,2,2970,1114,1856.25,2019-04,4,April,2019
Karnataka,Snickerdoodle,4243.5,4,2,16974,6365,10608.75,2019-04,4,April,2019
Gujarat,Snickerdoodle,663,4,2,2652,994,1657.5,2019-05,5,May,2019
Kerala,Snickerdoodle,1743,4,2,6972,2614,4357.5,2019-05,5,May,2019
Karnataka,Snickerdoodle,1563,4,2,6252,2344,3907.5,2019-05,5,May,2019
Tamil Nadu,Snickerdoodle,831,4,2,3324,1246,2077.5,2019-05,5,May,2019
Karnataka,Snickerdoodle,448,4,2,1792,672,1120,2019-06,6,June,2019
Maharashtra,Snickerdoodle,2470,4,2,9880,3705,6175,2019-06,6,June,2019
Gujarat,Snickerdoodle,888,4,2,3552,1332,2220,2019-06,6,June,2019
Tamil Nadu,Snickerdoodle,2844,4,2,11376,4266,7110,2019-06,6,June,2019
Karnataka,Snickerdoodle,2178,4,2,8712,3267,5445,2019-06,6,June,2019
Kerala,Snickerdoodle,991,4,2,3964,1486,2477.5,2019-06,6,June,2019
Gujarat,Snickerdoodle,689,4,2,2756,1034,1722.5,2019-06,6,June,2019
Maharashtra,Snickerdoodle,886,4,2,3544,1329,2215,2019-06,6,June,2019
Tamil Nadu,Snickerdoodle,1094,4,2,4376,1641,2735,2019-06,6,June,2019
Kerala,Snickerdoodle,2567,4,2,10268,3850,6417.5,2019-06,6,June,2019
Tamil Nadu,Snickerdoodle,819,4,2,3276,1228,2047.5,2019-07,7,July,2019
Maharashtra,Snickerdoodle,801,4,2,3204,1202,2002.5,2019-07,7,July,2019
Gujarat,Snickerdoodle,2811,4,2,11244,4216,7027.5,2019-07,7,July,2019
Kerala,Snickerdoodle,2529,4,2,10116,3794,6322.5,2019-07,7,July,2019
Maharashtra,Snickerdoodle,1540,4,2,6160,2310,3850,2019-08,8,August,2019
Gujarat,Snickerdoodle,2767,4,2,11068,4150,6917.5,2019-08,8,August,2019
Tamil Nadu,Snickerdoodle,1884,4,2,7536,2826,4710,2019-08,8,August,2019
Karnataka,Snickerdoodle,1174,4,2,4696,1761,2935,2019-08,8,August,2019
Maharashtra,Snickerdoodle,562,4,2,2248,843,1405,2019-09,9,September,2019
Karnataka,Snickerdoodle,2671,4,2,10684,4006,6677.5,2019-09,9,September,2019
Kerala,Snickerdoodle,1947,4,2,7788,2920,4867.5,2019-09,9,September,2019
Tamil Nadu,Snickerdoodle,1445,4,2,5780,2168,3612.5,2019-09,9,September,2019
Gujarat,Snickerdoodle,1580,4,2,6320,2370,3950,2019-09,9,September,2019
Gujarat,Snickerdoodle,442,4,2,1768,663,1105,2018-09,9,September,2018
Maharashtra,Snickerdoodle,1834,4,2,7336,2751,4585,2018-09,9,September,2018
Karnataka,Snickerdoodle,1023,4,2,4092,1534,2557.5,2018-09,9,September,2018
Kerala,Snickerdoodle,330,4,2,1320,495,825,2018-09,9,September,2018
Tamil Nadu,Snickerdoodle,2416,4,2,9664,3624,6040,2018-09,9,September,2018
Tamil Nadu,Snickerdoodle,1295,4,2,5180,1942,3237.5,2019-10,10,October,2019
Tamil Nadu,Snickerdoodle,1496,4,2,5984,2244,3740,2019-10,10,October,2019
Maharashtra,Snickerdoodle,2156,4,2,8624,3234,5390,2019-10,10,October,2019
Karnataka,Snickerdoodle,2181,4,2,8724,3272,5452.5,2019-10,10,October,2019
Maharashtra,Snickerdoodle,1397,4,2,5588,2096,3492.5,2019-10,10,October,2019
Gujarat,Snickerdoodle,2021,4,2,8084,3032,5052.5,2019-10,10,October,2019
Gujarat,Snickerdoodle,1085,4,2,4340,1628,2712.5,2019-10,10,October,2019
Karnataka,Snickerdoodle,2441,4,2,9764,3662,6102.5,2019-10,10,October,2019
Kerala,Snickerdoodle,1010,4,2,4040,1515,2525,2019-10,10,October,2019
Kerala,Snickerdoodle,386,4,2,1544,579,965,2018-10,10,October,2018
Maharashtra,Snickerdoodle,367,4,2,1468,550,917.5,2018-10,10,October,2018
Maharashtra,Snickerdoodle,494,4,2,1976,741,1235,2018-10,10,October,2018
Kerala,Snickerdoodle,2996,4,2,11984,4494,7490,2018-10,10,October,2018
Karnataka,Snickerdoodle,1198,4,2,4792,1797,2995,2018-10,10,October,2018
Gujarat,Snickerdoodle,214,4,2,856,321,535,2018-10,10,October,2018
Tamil Nadu,Snickerdoodle,2299,4,2,9196,3448,5747.5,2018-10,10,October,2018
Tamil Nadu,Snickerdoodle,2851,4,2,11404,4276,7127.5,2018-10,10,October,2018
Gujarat,Snickerdoodle,766,4,2,3064,1149,1915,2018-10,10,October,2018
Karnataka,Snickerdoodle,490,4,2,1960,735,1225,2019-11,11,November,2019
Kerala,Snickerdoodle,2030,4,2,8120,3045,5075,2019-11,11,November,2019
Tamil Nadu,Snickerdoodle,2689,4,2,10756,4034,6722.5,2019-11,11,November,2019
Maharashtra,Snickerdoodle,2791,4,2,11164,4186,6977.5,2019-11,11,November,2019
Gujarat,Snickerdoodle,1513,4,2,6052,2270,3782.5,2019-11,11,November,2019
Karnataka,Snickerdoodle,2145,4,2,8580,3218,5362.5,2018-11,11,November,2018
Tamil Nadu,Snickerdoodle,1560,4,2,6240,2340,3900,2018-11,11,November,2018
Maharashtra,Snickerdoodle,2706,4,2,10824,4059,6765,2018-11,11,November,2018
Kerala,Snickerdoodle,263,4,2,1052,394,657.5,2018-11,11,November,2018
Gujarat,Snickerdoodle,1016,4,2,4064,1524,2540,2018-11,11,November,2018
Tamil Nadu,Snickerdoodle,2300,4,2,9200,3450,5750,2019-12,12,December,2019
Gujarat,Snickerdoodle,280,4,2,1120,420,700,2019-12,12,December,2019
Tamil Nadu,Snickerdoodle,2852,4,2,11408,4278,7130,2019-12,12,December,2019
Karnataka,Snickerdoodle,2487,4,2,9948,3730,6217.5,2019-12,12,December,2019
Kerala,Snickerdoodle,274,4,2,1096,411,685,2019-12,12,December,2019
Gujarat,Snickerdoodle,1513,4,2,6052,2270,3782.5,2019-12,12,December,2019
Karnataka,Snickerdoodle,2155,4,2,8620,3232,5387.5,2019-12,12,December,2019
Kerala,Snickerdoodle,570,4,2,2280,855,1425,2019-12,12,December,2019
Maharashtra,Snickerdoodle,521,4,2,2084,782,1302.5,2019-12,12,December,2019
Tamil Nadu,Snickerdoodle,908,4,2,3632,1362,2270,2018-12,12,December,2018
Gujarat,Snickerdoodle,887,4,2,3548,1330,2217.5,2018-12,12,December,2018
Maharashtra,Snickerdoodle,1362,4,2,5448,2043,3405,2019-12,12,December,2019
Maharashtra,Snickerdoodle,2821,4,2,11284,4232,7052.5,2018-12,12,December,2018
Karnataka,Snickerdoodle,1482,4,2,5928,2223,3705,2018-12,12,December,2018
Tamil Nadu,Fortune Cookie,2227.5,1,0,2227.5,446,1782,2019-01,1,January,2019
Gujarat,Fortune Cookie,766,1,0,766,153,612.8,2019-01,1,January,2019
Maharashtra,Fortune Cookie,2340,1,0,2340,468,1872,2019-01,1,January,2019
Kerala,Fortune Cookie,982.5,1,0,982.5,196,786,2019-01,1,January,2019
Karnataka,Fortune Cookie,1384.5,1,0,1384.5,277,1107.6,2019-01,1,January,2019
Maharashtra,Fortune Cookie,1368,1,0,1368,274,1094.4,2019-02,2,February,2019
Karnataka,Fortune Cookie,293,1,0,293,59,234.4,2019-02,2,February,2019
Tamil Nadu,Fortune Cookie,488,1,0,488,98,390.4,2019-02,2,February,2019
Gujarat,Fortune Cookie,1958,1,0,1958,392,1566.4,2019-02,2,February,2019
Kerala,Fortune Cookie,1298,1,0,1298,260,1038.4,2019-02,2,February,2019
Kerala,Fortune Cookie,677,1,0,677,135,541.6,2019-03,3,March,2019
Maharashtra,Fortune Cookie,2214,1,0,2214,443,1771.2,2019-03,3,March,2019
Tamil Nadu,Fortune Cookie,1967,1,0,1967,393,1573.6,2019-03,3,March,2019
Karnataka,Fortune Cookie,2501,1,0,2501,500,2000.8,2019-03,3,March,2019
Gujarat,Fortune Cookie,921,1,0,921,184,736.8,2019-03,3,March,2019
Tamil Nadu,Fortune Cookie,3802.5,1,0,3802.5,760,3042,2019-04,4,April,2019
Karnataka,Fortune Cookie,1773,1,0,1773,355,1418.4,2019-04,4,April,2019
Gujarat,Fortune Cookie,1199,1,0,1199,240,959.2,2019-04,4,April,2019
Maharashtra,Fortune Cookie,980,1,0,980,196,784,2019-04,4,April,2019
Kerala,Fortune Cookie,2301,1,0,2301,460,1840.8,2019-04,4,April,2019
Maharashtra,Fortune Cookie,2661,1,0,2661,532,2128.8,2019-05,5,May,2019
Kerala,Fortune Cookie,2313,1,0,2313,463,1850.4,2019-05,5,May,2019
Gujarat,Fortune Cookie,1460,1,0,1460,292,1168,2019-05,5,May,2019
Karnataka,Fortune Cookie,1666,1,0,1666,333,1332.8,2019-05,5,May,2019
Tamil Nadu,Fortune Cookie,200,1,0,200,40,160,2019-05,5,May,2019
Kerala,Fortune Cookie,1142,1,0,1142,228,913.6,2019-06,6,June,2019
Maharashtra,Fortune Cookie,604,1,0,604,121,483.2,2019-06,6,June,2019
Tamil Nadu,Fortune Cookie,2518,1,0,2518,504,2014.4,2019-06,6,June,2019
Kerala,Fortune Cookie,1282,1,0,1282,256,1025.6,2019-06,6,June,2019
Karnataka,Fortune Cookie,1901,1,0,1901,380,1520.8,2019-06,6,June,2019
Maharashtra,Fortune Cookie,2470,1,0,2470,494,1976,2019-06,6,June,2019
Tamil Nadu,Fortune Cookie,708,1,0,708,142,566.4,2019-06,6,June,2019
Karnataka,Fortune Cookie,1899,1,0,1899,380,1519.2,2019-06,6,June,2019
Gujarat,Fortune Cookie,1545,1,0,1545,309,1236,2019-06,6,June,2019
Karnataka,Fortune Cookie,1375.5,1,0,1375.5,275,1100.4,2019-07,7,July,2019
Tamil Nadu,Fortune Cookie,2665.5,1,0,2665.5,533,2132.4,2019-07,7,July,2019
Gujarat,Fortune Cookie,645,1,0,645,129,516,2019-07,7,July,2019
Maharashtra,Fortune Cookie,2255,1,0,2255,451,1804,2019-07,7,July,2019
Kerala,Fortune Cookie,3627,1,0,3627,725,2901.6,2019-07,7,July,2019
Karnataka,Fortune Cookie,1562,1,0,1562,312,1249.6,2019-08,8,August,2019
Gujarat,Fortune Cookie,1859,1,0,1859,372,1487.2,2019-08,8,August,2019
Maharashtra,Fortune Cookie,958,1,0,958,192,766.4,2019-08,8,August,2019
Tamil Nadu,Fortune Cookie,1830,1,0,1830,366,1464,2019-08,8,August,2019
Tamil Nadu,Fortune Cookie,388,1,0,388,78,310.4,2019-09,9,September,2019
Gujarat,Fortune Cookie,2146,1,0,2146,429,1716.8,2019-09,9,September,2019
Maharashtra,Fortune Cookie,2420,1,0,2420,484,1936,2019-09,9,September,2019
Kerala,Fortune Cookie,2328,1,0,2328,466,1862.4,2019-09,9,September,2019
Karnataka,Fortune Cookie,544,1,0,544,109,435.2,2019-09,9,September,2019
Maharashtra,Fortune Cookie,720,1,0,720,144,576,2018-09,9,September,2018
Kerala,Fortune Cookie,2498,1,0,2498,500,1998.4,2018-09,9,September,2018
Gujarat,Fortune Cookie,1797,1,0,1797,359,1437.6,2018-09,9,September,2018
Karnataka,Fortune Cookie,322,1,0,322,64,257.6,2018-09,9,September,2018
Tamil Nadu,Fortune Cookie,1283,1,0,1283,257,1026.4,2018-09,9,September,2018
Gujarat,Fortune Cookie,2021,1,0,2021,404,1616.8,2019-10,10,October,2019
Karnataka,Fortune Cookie,1403,1,0,1403,281,1122.4,2018-10,10,October,2018
Kerala,Fortune Cookie,2996,1,0,2996,599,2396.8,2018-10,10,October,2018
Gujarat,Fortune Cookie,2992,1,0,2992,598,2393.6,2018-10,10,October,2018
Karnataka,Fortune Cookie,1757,1,0,1757,351,1405.6,2018-10,10,October,2018
Karnataka,Fortune Cookie,1976,1,0,1976,395,1580.8,2019-10,10,October,2019
Karnataka,Fortune Cookie,2181,1,0,2181,436,1744.8,2019-10,10,October,2019
Maharashtra,Fortune Cookie,546,1,0,546,109,436.8,2019-10,10,October,2019
Kerala,Fortune Cookie,1566,1,0,1566,313,1252.8,2019-10,10,October,2019
Tamil Nadu,Fortune Cookie,2734,1,0,2734,547,2187.2,2019-10,10,October,2019
Tamil Nadu,Fortune Cookie,1249,1,0,1249,250,999.2,2019-10,10,October,2019
Maharashtra,Fortune Cookie,2031,1,0,2031,406,1624.8,2019-10,10,October,2019
Tamil Nadu,Fortune Cookie,345,1,0,345,69,276,2018-10,10,October,2018
Kerala,Fortune Cookie,663,1,0,663,133,530.4,2018-10,10,October,2018
Gujarat,Fortune Cookie,1159,1,0,1159,232,927.2,2018-10,10,October,2018
Maharashtra,Fortune Cookie,1727,1,0,1727,345,1381.6,2018-10,10,October,2018
Tamil Nadu,Fortune Cookie,2851,1,0,2851,570,2280.8,2018-10,10,October,2018
Maharashtra,Fortune Cookie,1715,1,0,1715,343,1372,2018-10,10,October,2018
Karnataka,Fortune Cookie,2342,1,0,2342,468,1873.6,2019-11,11,November,2019
Tamil Nadu,Fortune Cookie,2321,1,0,2321,464,1856.8,2019-11,11,November,2019
Kerala,Fortune Cookie,2723,1,0,2723,545,2178.4,2019-11,11,November,2019
Gujarat,Fortune Cookie,2342,1,0,2342,468,1873.6,2019-11,11,November,2019
Maharashtra,Fortune Cookie,690,1,0,690,138,552,2019-11,11,November,2019
Maharashtra,Fortune Cookie,1660,1,0,1660,332,1328,2018-11,11,November,2018
Kerala,Fortune Cookie,1804,1,0,1804,361,1443.2,2018-11,11,November,2018
Gujarat,Fortune Cookie,2500,1,0,2500,500,2000,2018-11,11,November,2018
Karnataka,Fortune Cookie,1857,1,0,1857,371,1485.6,2018-11,11,November,2018
Kerala,Fortune Cookie,615,1,0,615,123,492,2019-12,12,December,2019
Karnataka,Fortune Cookie,1287,1,0,1287,257,1029.6,2019-12,12,December,2019
Gujarat,Fortune Cookie,1706,1,0,1706,341,1364.8,2019-12,12,December,2019
Maharashtra,Fortune Cookie,1138,1,0,1138,228,910.4,2019-12,12,December,2019
Gujarat,Fortune Cookie,711,1,0,711,142,568.8,2019-12,12,December,2019
Kerala,Fortune Cookie,2797,1,0,2797,559,2237.6,2019-12,12,December,2019
Karnataka,Fortune Cookie,2072,1,0,2072,414,1657.6,2019-12,12,December,2019
Maharashtra,Fortune Cookie,2157,1,0,2157,431,1725.6,2019-12,12,December,2019
Tamil Nadu,Fortune Cookie,2300,1,0,2300,460,1840,2019-12,12,December,2019
Maharashtra,Fortune Cookie,1100,1,0,1100,220,880,2018-12,12,December,2018
Gujarat,Fortune Cookie,334,1,0,334,67,267.2,2018-12,12,December,2018
Karnataka,Fortune Cookie,1186,1,0,1186,237,948.8,2018-12,12,December,2018
Tamil Nadu,Fortune Cookie,1611,1,0,1611,322,1288.8,2018-12,12,December,2018
Karnataka,Sugar,1734,3,1,5202,2168,3034.5,2019-01,1,January,2019
Kerala,Sugar,1956,3,1,5868,2445,3423,2019-01,1,January,2019
Maharashtra,Sugar,554,3,1,1662,692,969.5,2019-01,1,January,2019
Tamil Nadu,Sugar,3244.5,3,1,9733.5,4056,5677.875,2019-01,1,January,2019
Gujarat,Sugar,2479,3,1,7437,3099,4338.25,2019-01,1,January,2019
Maharashtra,Sugar,2747,3,1,8241,3434,4807.25,2019-02,2,February,2019
Gujarat,Sugar,2659,3,1,7977,3324,4653.25,2019-02,2,February,2019
Karnataka,Sugar,959,3,1,2877,1199,1678.25,2019-02,2,February,2019
Kerala,Sugar,2844,3,1,8532,3555,4977,2019-02,2,February,2019
Tamil Nadu,Sugar,2001,3,1,6003,2501,3501.75,2019-02,2,February,2019
Tamil Nadu,Sugar,1326,3,1,3978,1658,2320.5,2019-03,3,March,2019
Maharashtra,Sugar,2903,3,1,8709,3629,5080.25,2019-03,3,March,2019
Gujarat,Sugar,263,3,1,789,329,460.25,2019-03,3,March,2019
Kerala,Sugar,1579,3,1,4737,1974,2763.25,2019-03,3,March,2019
Karnataka,Sugar,1491,3,1,4473,1864,2609.25,2019-03,3,March,2019
Kerala,Sugar,1351.5,3,1,4054.5,1689,2365.125,2019-04,4,April,2019
Tamil Nadu,Sugar,943.5,3,1,2830.5,1179,1651.125,2019-04,4,April,2019
Karnataka,Sugar,574.5,3,1,1723.5,718,1005.375,2019-04,4,April,2019
Gujarat,Sugar,2838,3,1,8514,3548,4966.5,2019-04,4,April,2019
Karnataka,Sugar,1738.5,3,1,5215.5,2173,3042.375,2019-04,4,April,2019
Maharashtra,Sugar,1916,3,1,5748,2395,3353,2019-04,4,April,2019
Tamil Nadu,Sugar,2109,3,1,6327,2636,3690.75,2019-05,5,May,2019
Kerala,Sugar,1806,3,1,5418,2258,3160.5,2019-05,5,May,2019
Karnataka,Sugar,866,3,1,2598,1082,1515.5,2019-05,5,May,2019
Gujarat,Sugar,880,3,1,2640,1100,1540,2019-05,5,May,2019
Maharashtra,Sugar,341,3,1,1023,426,596.75,2019-05,5,May,2019
Tamil Nadu,Sugar,1583,3,1,4749,1979,2770.25,2019-06,6,June,2019
Tamil Nadu,Sugar,2844,3,1,8532,3555,4977,2019-06,6,June,2019
Karnataka,Sugar,2178,3,1,6534,2722,3811.5,2019-06,6,June,2019
Karnataka,Sugar,787,3,1,2361,984,1377.25,2019-06,6,June,2019
Kerala,Sugar,2567,3,1,7701,3209,4492.25,2019-06,6,June,2019
Gujarat,Sugar,1570,3,1,4710,1962,2747.5,2019-06,6,June,2019
Maharashtra,Sugar,662,3,1,1986,828,1158.5,2019-06,6,June,2019
Kerala,Sugar,727,3,1,2181,909,1272.25,2019-06,6,June,2019
Gujarat,Sugar,2338,3,1,7014,2922,4091.5,2019-06,6,June,2019
Maharashtra,Sugar,1498,3,1,4494,1872,2621.5,2019-06,6,June,2019
Gujarat,Sugar,888,3,1,2664,1110,1554,2019-06,6,June,2019
Tamil Nadu,Sugar,865.5,3,1,2596.5,1082,1514.625,2019-07,7,July,2019
Gujarat,Sugar,492,3,1,1476,615,861,2019-07,7,July,2019
Kerala,Sugar,436.5,3,1,1309.5,546,763.875,2019-07,7,July,2019
Karnataka,Sugar,3874.5,3,1,11623.5,4843,6780.375,2019-07,7,July,2019
Maharashtra,Sugar,641,3,1,1923,801,1121.75,2019-07,7,July,2019
Kerala,Sugar,2541,3,1,7623,3176,4446.75,2019-08,8,August,2019
Karnataka,Sugar,381,3,1,1143,476,666.75,2019-08,8,August,2019
Kerala,Sugar,2807,3,1,8421,3509,4912.25,2019-08,8,August,2019
Tamil Nadu,Sugar,1874,3,1,5622,2342,3279.5,2019-08,8,August,2019
Gujarat,Sugar,422,3,1,1266,528,738.5,2019-08,8,August,2019
Maharashtra,Sugar,1642,3,1,4926,2052,2873.5,2019-08,8,August,2019
Tamil Nadu,Sugar,2134,3,1,6402,2668,3734.5,2019-09,9,September,2019
Karnataka,Sugar,2151,3,1,6453,2689,3764.25,2019-09,9,September,2019
Gujarat,Sugar,986,3,1,2958,1232,1725.5,2019-09,9,September,2019
Kerala,Sugar,1867,3,1,5601,2334,3267.25,2019-09,9,September,2019
Maharashtra,Sugar,432,3,1,1296,540,756,2019-09,9,September,2019
Maharashtra,Sugar,1005,3,1,3015,1256,1758.75,2018-09,9,September,2018
Karnataka,Sugar,2234,3,1,6702,2792,3909.5,2018-09,9,September,2018
Gujarat,Sugar,2215,3,1,6645,2769,3876.25,2018-09,9,September,2018
Kerala,Sugar,349,3,1,1047,436,610.75,2018-09,9,September,2018
Karnataka,Sugar,1527,3,1,4581,1909,2672.25,2018-09,9,September,2018
Tamil Nadu,Sugar,623,3,1,1869,779,1090.25,2018-09,9,September,2018
Karnataka,Sugar,2177,3,1,6531,2721,3809.75,2019-10,10,October,2019
Maharashtra,Sugar,1397,3,1,4191,1746,2444.75,2019-10,10,October,2019
Kerala,Sugar,2294,3,1,6882,2868,4014.5,2018-10,10,October,2018
Gujarat,Sugar,2877,3,1,8631,3596,5034.75,2019-10,10,October,2019
Gujarat,Sugar,360,3,1,1080,450,630,2019-10,10,October,2019
Karnataka,Sugar,1227,3,1,3681,1534,2147.25,2019-10,10,October,2019
Kerala,Sugar,1010,3,1,3030,1262,1767.5,2019-10,10,October,2019
Kerala,Sugar,1153,3,1,3459,1441,2017.75,2019-10,10,October,2019
Maharashtra,Sugar,2689,3,1,8067,3361,4705.75,2019-10,10,October,2019
Tamil Nadu,Sugar,1565,3,1,4695,1956,2738.75,2019-10,10,October,2019
Tamil Nadu,Sugar,1496,3,1,4488,1870,2618,2019-10,10,October,2019
Kerala,Sugar,986,3,1,2958,1232,1725.5,2019-10,10,October,2019
Gujarat,Sugar,1175,3,1,3525,1469,2056.25,2019-10,10,October,2019
Maharashtra,Sugar,1514,3,1,4542,1892,2649.5,2018-10,10,October,2018
Tamil Nadu,Sugar,1389,3,1,4167,1736,2430.75,2018-10,10,October,2018
Karnataka,Sugar,1221,3,1,3663,1526,2136.75,2018-10,10,October,2018
Maharashtra,Sugar,494,3,1,1482,618,864.5,2018-10,10,October,2018
Gujarat,Sugar,1945,3,1,5835,2431,3403.75,2018-10,10,October,2018
Gujarat,Sugar,214,3,1,642,268,374.5,2018-10,10,October,2018
Karnataka,Sugar,2167,3,1,6501,2709,3792.25,2018-10,10,October,2018
Kerala,Sugar,267,3,1,801,334,467.25,2018-10,10,October,2018
Tamil Nadu,Sugar,269,3,1,807,336,470.75,2018-10,10,October,2018
Maharashtra,Sugar,877,3,1,2631,1096,1534.75,2019-11,11,November,2019
Kerala,Sugar,2387,3,1,7161,2984,4177.25,2019-11,11,November,2019
Tamil Nadu,Sugar,2529,3,1,7587,3161,4425.75,2019-11,11,November,2019
Karnataka,Sugar,1744,3,1,5232,2180,3052,2019-11,11,November,2019
Gujarat,Sugar,552,3,1,1656,690,966,2019-11,11,November,2019
Maharashtra,Sugar,1123,3,1,3369,1404,1965.25,2018-11,11,November,2018
Kerala,Sugar,1265,3,1,3795,1581,2213.75,2018-11,11,November,2018
Tamil Nadu,Sugar,2954,3,1,8862,3692,5169.5,2018-11,11,November,2018
Tamil Nadu,Sugar,2935,3,1,8805,3669,5136.25,2018-11,11,November,2018
Karnataka,Sugar,2682,3,1,8046,3352,4693.5,2018-11,11,November,2018
Gujarat,Sugar,2297,3,1,6891,2871,4019.75,2018-11,11,November,2018
Tamil Nadu,Sugar,1817,3,1,5451,2271,3179.75,2019-12,12,December,2019
Tamil Nadu,Sugar,2729,3,1,8187,3411,4775.75,2019-12,12,December,2019
Kerala,Sugar,2663,3,1,7989,3329,4660.25,2019-12,12,December,2019
Gujarat,Sugar,280,3,1,840,350,490,2019-12,12,December,2019
Karnataka,Sugar,2487,3,1,7461,3109,4352.25,2019-12,12,December,2019
Kerala,Sugar,570,3,1,1710,712,997.5,2019-12,12,December,2019
Gujarat,Sugar,1531,3,1,4593,1914,2679.25,2019-12,12,December,2019
Maharashtra,Sugar,1233,3,1,3699,1541,2157.75,2019-12,12,December,2019
Maharashtra,Sugar,521,3,1,1563,651,911.75,2019-12,12,December,2019
Gujarat,Sugar,1870,3,1,5610,2338,3272.5,2018-12,12,December,2018
Karnataka,Sugar,1281,3,1,3843,1601,2241.75,2018-12,12,December,2018
Tamil Nadu,Sugar,2436,3,1,7308,3045,4263,2018-12,12,December,2018
Kerala,Sugar,808,3,1,2424,1010,1414,2018-12,12,December,2018
Karnataka,Sugar,293,3,1,879,366,512.75,2019-12,12,December,2019
Tamil Nadu,Sugar,1582,3,1,4746,1978,2768.5,2019-12,12,December,2019
Maharashtra,Sugar,1940,3,1,5820,2425,3395,2018-12,12,December,2018
Kerala,Sugar,266,3,1,798,332,465.5,2018-12,12,December,2018
Karnataka,White Chocolate Macadamia Nut,3997.5,6,3,23985,10993,12991.875,2019-01,1,January,2019
Maharashtra,White Chocolate Macadamia Nut,1493,6,3,8958,4106,4852.25,2019-01,1,January,2019
Tamil Nadu,White Chocolate Macadamia Nut,384,6,3,2304,1056,1248,2019-01,1,January,2019
Kerala,White Chocolate Macadamia Nut,555,6,3,3330,1526,1803.75,2019-01,1,January,2019
Gujarat,White Chocolate Macadamia Nut,681,6,3,4086,1873,2213.25,2019-01,1,January,2019
Maharashtra,White Chocolate Macadamia Nut,2861,6,3,17166,7868,9298.25,2019-01,1,January,2019
Karnataka,White Chocolate Macadamia Nut,1804,6,3,10824,4961,5863,2019-02,2,February,2019
Gujarat,White Chocolate Macadamia Nut,807,6,3,4842,2219,2622.75,2019-02,2,February,2019
Maharashtra,White Chocolate Macadamia Nut,1575,6,3,9450,4331,5118.75,2019-02,2,February,2019
Kerala,White Chocolate Macadamia Nut,2755,6,3,16530,7576,8953.75,2019-02,2,February,2019
Tamil Nadu,White Chocolate Macadamia Nut,952,6,3,5712,2618,3094,2019-02,2,February,2019
Kerala,White Chocolate Macadamia Nut,1465,6,3,8790,4029,4761.25,2019-03,3,March,2019
Maharashtra,White Chocolate Macadamia Nut,500,6,3,3000,1375,1625,2019-03,3,March,2019
Gujarat,White Chocolate Macadamia Nut,2161,6,3,12966,5943,7023.25,2019-03,3,March,2019
Tamil Nadu,White Chocolate Macadamia Nut,598,6,3,3588,1644,1943.5,2019-03,3,March,2019
Karnataka,White Chocolate Macadamia Nut,1967,6,3,11802,5409,6392.75,2019-03,3,March,2019
Tamil Nadu,White Chocolate Macadamia Nut,3850.5,6,3,23103,10589,12514.125,2019-04,4,April,2019
Karnataka,White Chocolate Macadamia Nut,3864,6,3,23184,10626,12558,2019-04,4,April,2019
Gujarat,White Chocolate Macadamia Nut,510,6,3,3060,1402,1657.5,2019-04,4,April,2019
Kerala,White Chocolate Macadamia Nut,606,6,3,3636,1666,1969.5,2019-04,4,April,2019
Maharashtra,White Chocolate Macadamia Nut,2628,6,3,15768,7227,8541,2019-04,4,April,2019
Karnataka,White Chocolate Macadamia Nut,2826,6,3,16956,7772,9184.5,2019-05,5,May,2019
Maharashtra,White Chocolate Macadamia Nut,362,6,3,2172,996,1176.5,2019-05,5,May,2019
Gujarat,White Chocolate Macadamia Nut,1530,6,3,9180,4208,4972.5,2019-05,5,May,2019
Maharashtra,White Chocolate Macadamia Nut,245,6,3,1470,674,796.25,2019-05,5,May,2019
Kerala,White Chocolate Macadamia Nut,790,6,3,4740,2172,2567.5,2019-05,5,May,2019
Tamil Nadu,White Chocolate Macadamia Nut,1262,6,3,7572,3470,4101.5,2019-05,5,May,2019
Kerala,White Chocolate Macadamia Nut,2907,6,3,17442,7994,9447.75,2019-06,6,June,2019
Karnataka,White Chocolate Macadamia Nut,1496,6,3,8976,4114,4862,2019-06,6,June,2019
Gujarat,White Chocolate Macadamia Nut,2338,6,3,14028,6430,7598.5,2019-06,6,June,2019
Tamil Nadu,White Chocolate Macadamia Nut,1135,6,3,6810,3121,3688.75,2019-06,6,June,2019
Gujarat,White Chocolate Macadamia Nut,1006,6,3,6036,2766,3269.5,2019-06,6,June,2019
Gujarat,White Chocolate Macadamia Nut,1545,6,3,9270,4249,5021.25,2019-06,6,June,2019
Maharashtra,White Chocolate Macadamia Nut,1498,6,3,8988,4120,4868.5,2019-06,6,June,2019
Karnataka,White Chocolate Macadamia Nut,1190,6,3,7140,3272,3867.5,2019-06,6,June,2019
Tamil Nadu,White Chocolate Macadamia Nut,2632,6,3,15792,7238,8554,2019-06,6,June,2019
Kerala,White Chocolate Macadamia Nut,602,6,3,3612,1656,1956.5,2019-06,6,June,2019
Maharashtra,White Chocolate Macadamia Nut,604,6,3,3624,1661,1963,2019-06,6,June,2019
Maharashtra,White Chocolate Macadamia Nut,1395,6,3,8370,3836,4533.75,2019-07,7,July,2019
Gujarat,White Chocolate Macadamia Nut,1307,6,3,7842,3594,4247.75,2019-07,7,July,2019
Kerala,White Chocolate Macadamia Nut,2460,6,3,14760,6765,7995,2019-07,7,July,2019
Karnataka,White Chocolate Macadamia Nut,1659,6,3,9954,4562,5391.75,2019-07,7,July,2019
Tamil Nadu,White Chocolate Macadamia Nut,3793.5,6,3,22761,10432,12328.875,2019-07,7,July,2019
Karnataka,White Chocolate Macadamia Nut,639,6,3,3834,1757,2076.75,2019-07,7,July,2019
Gujarat,White Chocolate Macadamia Nut,1001,6,3,6006,2753,3253.25,2019-08,8,August,2019
Karnataka,White Chocolate Macadamia Nut,1579,6,3,9474,4342,5131.75,2019-08,8,August,2019
Kerala,White Chocolate Macadamia Nut,2832,6,3,16992,7788,9204,2019-08,8,August,2019
Kerala,White Chocolate Macadamia Nut,2821,6,3,16926,7758,9168.25,2019-08,8,August,2019
Tamil Nadu,White Chocolate Macadamia Nut,923,6,3,5538,2538,2999.75,2019-08,8,August,2019
Maharashtra,White Chocolate Macadamia Nut,609,6,3,3654,1675,1979.25,2019-08,8,August,2019
Gujarat,White Chocolate Macadamia Nut,2087,6,3,12522,5739,6782.75,2019-09,9,September,2019
Kerala,White Chocolate Macadamia Nut,1596,6,3,9576,4389,5187,2019-09,9,September,2019
Maharashtra,White Chocolate Macadamia Nut,2110,6,3,12660,5802,6857.5,2019-09,9,September,2019
Tamil Nadu,White Chocolate Macadamia Nut,567,6,3,3402,1559,1842.75,2019-09,9,September,2019
Karnataka,White Chocolate Macadamia Nut,663,6,3,3978,1823,2154.75,2019-09,9,September,2019
Kerala,White Chocolate Macadamia Nut,736,6,3,4416,2024,2392,2018-09,9,September,2018
Maharashtra,White Chocolate Macadamia Nut,655,6,3,3930,1801,2128.75,2018-09,9,September,2018
Karnataka,White Chocolate Macadamia Nut,2805,6,3,16830,7714,9116.25,2018-09,9,September,2018
Gujarat,White Chocolate Macadamia Nut,660,6,3,3960,1815,2145,2018-09,9,September,2018
Tamil Nadu,White Chocolate Macadamia Nut,2646,6,3,15876,7276,8599.5,2018-09,9,September,2018
Karnataka,White Chocolate Macadamia Nut,704,6,3,4224,1936,2288,2018-10,10,October,2018
Maharashtra,White Chocolate Macadamia Nut,410,6,3,2460,1128,1332.5,2019-10,10,October,2019
Maharashtra,White Chocolate Macadamia Nut,2145,6,3,12870,5899,6971.25,2018-10,10,October,2018
Kerala,White Chocolate Macadamia Nut,663,6,3,3978,1823,2154.75,2018-10,10,October,2018
Gujarat,White Chocolate Macadamia Nut,2966,6,3,17796,8156,9639.5,2018-10,10,October,2018
Karnataka,White Chocolate Macadamia Nut,2076,6,3,12456,5709,6747,2018-10,10,October,2018
Karnataka,White Chocolate Macadamia Nut,1221,6,3,7326,3358,3968.25,2018-10,10,October,2018
Karnataka,White Chocolate Macadamia Nut,1976,6,3,11856,5434,6422,2019-10,10,October,2019
Gujarat,White Chocolate Macadamia Nut,809,6,3,4854,2225,2629.25,2018-10,10,October,2018
Tamil Nadu,White Chocolate Macadamia Nut,2009,6,3,12054,5525,6529.25,2019-10,10,October,2019
Karnataka,White Chocolate Macadamia Nut,2177,6,3,13062,5987,7075.25,2019-10,10,October,2019
Gujarat,White Chocolate Macadamia Nut,472,6,3,2832,1298,1534,2019-10,10,October,2019
Gujarat,White Chocolate Macadamia Nut,2877,6,3,17262,7912,9350.25,2019-10,10,October,2019
Gujarat,White Chocolate Macadamia Nut,241,6,3,1446,663,783.25,2019-10,10,October,2019
Maharashtra,White Chocolate Macadamia Nut,905,6,3,5430,2489,2941.25,2019-10,10,October,2019
Kerala,White Chocolate Macadamia Nut,861,6,3,5166,2368,2798.25,2019-10,10,October,2019
Kerala,White Chocolate Macadamia Nut,1566,6,3,9396,4306,5089.5,2019-10,10,October,2019
Tamil Nadu,White Chocolate Macadamia Nut,1269,6,3,7614,3490,4124.25,2019-10,10,October,2019
Kerala,White Chocolate Macadamia Nut,986,6,3,5916,2712,3204.5,2019-10,10,October,2019
Tamil Nadu,White Chocolate Macadamia Nut,345,6,3,2070,949,1121.25,2018-10,10,October,2018
Maharashtra,White Chocolate Macadamia Nut,344,6,3,2064,946,1118,2018-10,10,October,2018
Kerala,White Chocolate Macadamia Nut,2294,6,3,13764,6308,7455.5,2018-10,10,October,2018
Tamil Nadu,White Chocolate Macadamia Nut,269,6,3,1614,740,874.25,2018-10,10,October,2018
Gujarat,White Chocolate Macadamia Nut,2665,6,3,15990,7329,8661.25,2019-11,11,November,2019
Tamil Nadu,White Chocolate Macadamia Nut,1808,6,3,10848,4972,5876,2019-11,11,November,2019
Karnataka,White Chocolate Macadamia Nut,639,6,3,3834,1757,2076.75,2019-11,11,November,2019
Maharashtra,White Chocolate Macadamia Nut,1333,6,3,7998,3666,4332.25,2019-11,11,November,2019
Kerala,White Chocolate Macadamia Nut,547,6,3,3282,1504,1777.75,2019-11,11,November,2019
Maharashtra,White Chocolate Macadamia Nut,2605,6,3,15630,7164,8466.25,2018-11,11,November,2018
Karnataka,White Chocolate Macadamia Nut,386,6,3,2316,1062,1254.5,2018-11,11,November,2018
Kerala,White Chocolate Macadamia Nut,2574,6,3,15444,7078,8365.5,2018-11,11,November,2018
Gujarat,White Chocolate Macadamia Nut,2536,6,3,15216,6974,8242,2018-11,11,November,2018
Tamil Nadu,White Chocolate Macadamia Nut,2092,6,3,12552,5753,6799,2018-11,11,November,2018
Maharashtra,White Chocolate Macadamia Nut,635,6,3,3810,1746,2063.75,2019-12,12,December,2019
Kerala,White Chocolate Macadamia Nut,1372,6,3,8232,3773,4459,2019-12,12,December,2019
Karnataka,White Chocolate Macadamia Nut,853,6,3,5118,2346,2772.25,2019-12,12,December,2019
Kerala,White Chocolate Macadamia Nut,914,6,3,5484,2514,2970.5,2019-12,12,December,2019
Karnataka,White Chocolate Macadamia Nut,1033,6,3,6198,2841,3357.25,2018-12,12,December,2018
Gujarat,White Chocolate Macadamia Nut,1013,6,3,6078,2786,3292.25,2019-12,12,December,2019
Kerala,White Chocolate Macadamia Nut,2438,6,3,14628,6704,7923.5,2018-12,12,December,2018
Kerala,White Chocolate Macadamia Nut,1421,6,3,8526,3908,4618.25,2018-12,12,December,2018
Maharashtra,White Chocolate Macadamia Nut,544,6,3,3264,1496,1768,2018-12,12,December,2018
Tamil Nadu,White Chocolate Macadamia Nut,1916,6,3,11496,5269,6227,2018-12,12,December,2018
Tamil Nadu,White Chocolate Macadamia Nut,2431,6,3,14586,6685,7900.75,2019-12,12,December,2019
Maharashtra,White Chocolate Macadamia Nut,1084,6,3,6504,2981,3523,2019-12,12,December,2019
Karnataka,White Chocolate Macadamia Nut,1055,6,3,6330,2901,3428.75,2019-12,12,December,2019
Gujarat,White Chocolate Macadamia Nut,1250,6,3,7500,3438,4062.5,2019-12,12,December,2019
Tamil Nadu,White Chocolate Macadamia Nut,1582,6,3,9492,4350,5141.5,2019-12,12,December,2019
Gujarat,White Chocolate Macadamia Nut,588,6,3,3528,1617,1911,2018-12,12,December,2018
